<record><leader>00000cas a2200000 a 4500</leader><controlfield tag="001">9030123</controlfield><controlfield tag="008">821208c19139999ohuwr ne      0   a0eng d</controlfield><datafield ind1=" " ind2=" " tag="010"><subfield code="a">sn 87076749 </subfield></datafield><datafield ind1=" " ind2=" " tag="040"><subfield code="a">BGU</subfield><subfield code="b">eng</subfield><subfield code="c">BGU</subfield><subfield code="d">ONP</subfield><subfield code="d">OCL</subfield><subfield code="d">OCLCQ</subfield></datafield><datafield ind1=" " ind2=" " tag="042"><subfield code="a">msc</subfield></datafield><datafield ind1=" " ind2=" " tag="043"><subfield code="a">n-us-oh</subfield></datafield><datafield ind1="0" ind2="4" tag="245"><subfield code="a">The Antwerp Bee-Argus.</subfield></datafield><datafield ind1=" " ind2=" " tag="260"><subfield code="a">Antwerp, Ohio :</subfield><subfield code="b">D.C Bickhard</subfield></datafield><datafield ind1=" " ind2=" " tag="300"><subfield code="a">v.</subfield></datafield><datafield ind1=" " ind2=" " tag="310"><subfield code="a">Weekly</subfield></datafield><datafield ind1="1" ind2=" " tag="362"><subfield code="a">Began in 1913.</subfield></datafield><datafield ind1=" " ind2=" " tag="588"><subfield code="a">Description based on: Vol. 23, no. 12 (Mar. 7, 1918).</subfield></datafield><datafield ind1=" " ind2="4" tag="651"><subfield code="a">Antwerp (Ohio)</subfield><subfield code="v">Newspapers.</subfield></datafield><datafield ind1=" " ind2="4" tag="651"><subfield code="a">Paulding County (Ohio)</subfield><subfield code="v">Newspapers.</subfield></datafield><datafield ind1=" " ind2=" " tag="752"><subfield code="a">United States</subfield><subfield code="b">Ohio</subfield><subfield code="c">Paulding</subfield><subfield code="d">Antwerp.</subfield></datafield><datafield ind1="0" ind2="4" tag="780"><subfield code="t">Antwerp bee (Antwerp, Ohio)</subfield><subfield code="w">(DLC)sn 93065808</subfield></datafield><datafield ind1="0" ind2="4" tag="780"><subfield code="t">Antwerp Argus</subfield><subfield code="w">(DLC)sn 87076748</subfield></datafield><datafield ind1="1" ind2=" " tag="029"><subfield code="a">AU@</subfield><subfield code="b">000025801599</subfield></datafield></record>